@inproceedings{DBLP:conf/phoenix/LauferO91,
 author = {Konstantin L{\"{a}}ufer and Martin Odersky},
 author+an = {1=myself},
 bibsource = {dblp computer science bibliography, https://dblp.org},
 biburl = {https://dblp.org/rec/conf/phoenix/LauferO91.bib},
 booktitle = {Declarative Programming, Sasbachwalden 1991, {PHOENIX} Seminar and
Workshop on Declarative Programming, Sasbachwalden, Black Forest,
Germany, 18-22 November 1991},
 doi = {10.1007/978-1-4471-3794-8_10},
 editor = {John Darlington and Roland Dietrich},
 pages = {148--162},
 publisher = {Springer},
 series = {Workshops in Computing},
 timestamp = {Fri, 21 Jun 2019 13:08:59 +0200},
 title = {Type Classes are Signatures of Abstract Types},
 year = {1991},
 abbr = {PHOENIX},
 bibtex_show=1
 }

