@InProceedings{HengleinLaufer_PANEL_1991,
  AUTHOR       = {Henglein, Fritz and L{\"{a}}ufer, Konstantin},
  BOOKTITLE    = {Proc. XVII Latin American Informatics Conference (PANEL '91)},
  ORGANIZATION = {USB},
  PAGES        = {333--352},
  TITLE        = {Programming with Structures, Functions, and Objects},
  YEAR         = {1991},
  URL          = "http://www.cs.luc.edu/~laufer/papers/panel91.pdf"
}
