@InProceedings{LauferOdersky_ML_1992,
        AUTHOR             = {L{\"{a}}ufer, Konstantin and Odersky, Martin},
        TITLE              = {An Extension of {ML} with First-Class 
                              Abstract Types},
        BOOKTITLE          = {Proc. ACM SIGPLAN Workshop on ML and its
                              Applications},
        YEAR               = {1992},
        MONTH              = jun,
        URL = "http://www.cs.luc.edu/~laufer/papers/ml92.pdf"
}
