@InProceedings{LauferOdersky_Reflection_1993,
  AUTHOR       = {L{\"{a}}ufer, Konstantin and Odersky, Martin},
  BOOKTITLE    = {Proc. OOPSLA Workshop on Reflection and Metalevel Architectures},
  MONTH        = oct,
  ORGANIZATION = {ACM},
  TITLE        = {Self-Interpretation and Reflection in a Statically Typed Language},
  YEAR         = {1993}
}

