@InProceedings{Laufer_PANEL_1994,
  author =       "L{\"{a}}ufer, Konstantin",
  title =        "Combining Type Classes and Existential Types",
  booktitle =    "Proc. Latin American Informatics Conf. (PANEL)",
  year =         1994,
  organization = "ITESM-CEM",
  address =      "Mexico",
  month =        sep,
}
