@inproceedings{DBLP:conf/coots/Laufer95,
 author = {Konstantin L{\"{a}}ufer},
 author+an = {1=myself},
 bibsource = {dblp computer science bibliography, https://dblp.org},
 biburl = {https://dblp.org/rec/conf/coots/Laufer95.bib},
 booktitle = {Proceedings of the {USENIX} Conference on Object-Oriented Technologies,
COOTS'95, Monterey, California, USA, June 26-29, 1995},
 editor = {Vincent F. Russo},
 publisher = {{USENIX}},
 title = {A Framework for Higher-Order Functions in {C++}},
 url = {https://www.usenix.org/conference/coots-95/framework-higher-order-functions-c},
 year = {1995},
 abbr = {COOTS}, bibtex_show=1}



