@inproceedings{DBLP:conf/popl/OderskyL96,
 author = {Martin Odersky and
Konstantin L{\"{a}}ufer},
 bibsource = {dblp computer science bibliography, https://dblp.org},
 biburl = {https://dblp.org/rec/conf/popl/OderskyL96.bib},
 booktitle = {Conference Record of POPL'96: The 23rd {ACM} {SIGPLAN-SIGACT} Symposium
on Principles of Programming Languages, Papers Presented at the Symposium,
St. Petersburg Beach, Florida, USA, January 21-24, 1996},
 doi = {10.1145/237721.237729},
 editor = {Hans{-}Juergen Boehm and
Guy L. Steele Jr.},
 pages = {54--67},
 publisher = {{ACM} Press},
 timestamp = {Tue, 06 Nov 2018 00:00:00 +0100},
 title = {Putting Type Annotations to Work},
 url = {https://doi.org/10.1145/237721.237729},
 year = {1996},
 abbr = {POPL}, bibtex_show=1}



