@inproceedings{DBLP:conf/coots/ColbyJJLP98,
 author = {Christopher Colby and
Lalita Jategaonkar Jagadeesan and
Radha Jagadeesan and
Konstantin L{\"{a}}ufer and
Carlos Puchol},
 author+an   = {4=myself},
 bibsource = {dblp computer science bibliography, https://dblp.org},
 biburl = {https://dblp.org/rec/conf/coots/ColbyJJLP98.bib},
 booktitle = {4th {USENIX} Conference on Object-Oriented Technologies and Systems
(COOTS), April 27-30, 1998, Eldorado Hotel, Santa Fe, New Mexico,
{USA}},
 pages = {131--149},
 publisher = {{USENIX}},
 timestamp = {Tue, 02 Feb 2021 00:00:00 +0100},
 title = {Objects and Concurrency in Triveni: {A} Telecommunication Case Study
in Java},
 url = {https://www.usenix.org/conference/coots-98/objects-and-concurrency-triveni-telecommunication-case-study-java},
 year = {1998},
 abbr = {COOTS}, bibtex_show=1}



