@InProceedings{Triveni_OOPSLAEDU_1998,
  author =       {Colby, Christopher and Jagadeesan, Radha and LÃ¤ufer, Konstantin and Sekharan, Chandra},
  title =        {Interaction, Concurrency, and {OOP} in the Curriculum: a
  Sophomore Course},
  booktitle =    {Proc. OOPSLA 1998 Educators'
    Symposium},
  year =         1998,
  address =      {Vancouver, Canada},
  month =        oct
}
