@inproceedings{DBLP:conf/iccl/ColbyJJLP98,
 author = {Christopher Colby and
Lalita Jategaonkar Jagadeesan and
Radha Jagadeesan and
Konstantin L{\"{a}}ufer and
Carlos Puchol},
 bibsource = {dblp computer science bibliography, https://dblp.org},
 biburl = {https://dblp.org/rec/conf/iccl/ColbyJJLP98.bib},
 booktitle = {Proceedings of the 1998 International Conference on Computer Languages,
{ICCL} 1998, Chicago, IL, USA, May 14-16, 1998},
 doi = {10.1109/ICCL.1998.674157},
 pages = {58--67},
 publisher = {{IEEE} Computer Society},
 timestamp = {Thu, 14 Oct 2021 01:00:00 +0200},
 title = {Design and Implementation of Triveni: {A} Process-Algebraic {API}
for Threads + Events},
 url = {https://doi.org/10.1109/ICCL.1998.674157},
 year = {1998},
 abbr = {ICCL},
}

