@inproceedings{DBLP:conf/sigsoft/GodefroidJJL00,
 abbr = {FSE},
 author = {Patrice Godefroid and
Lalita Jategaonkar Jagadeesan and
Radha Jagadeesan and
Konstantin L{\"{a}}ufer},
 author+an   = {4=myself},
 bibsource = {dblp computer science bibliography, https://dblp.org},
 biburl = {https://dblp.org/rec/conf/sigsoft/GodefroidJJL00.bib},
 booktitle = {{ACM} {SIGSOFT} Symposium on Foundations of Software Engineering,
an Diego, California, USA, November 6-10, 2000, Proceedings},
 doi = {10.1145/355045.355051},
 editor = {John C. Knight and
David S. Rosenblum},
 pages = {40--49},
 publisher = {{ACM}},
 timestamp = {Thu, 14 Oct 2021 01:00:00 +0200},
 title = {Automated systematic testing for constraint-based interactive services},
 year = {2000}, bibtex_show=1}



