@inproceedings{DBLP:conf/cp/GuptaJJJL00,
 author = {Vineet Gupta and
Lalita Jategaonkar Jagadeesan and
Radha Jagadeesan and
Xiaowei Jiang and
Konstantin L{\"{a}}ufer},
 bibsource = {dblp computer science bibliography, https://dblp.org},
 biburl = {https://dblp.org/rec/conf/cp/GuptaJJJL00.bib},
 booktitle = {Principles and Practice of Constraint Programming - {CP} 2000, 6th
International Conference, Singapore, September 18-21, 2000, Proceedings},
 doi = {10.1007/3-540-45349-0\_16},
 editor = {Rina Dechter},
 pages = {202--217},
 publisher = {Springer},
 series = {Lecture Notes in Computer Science},
 timestamp = {Thu, 14 Oct 2021 01:00:00 +0200},
 title = {A Constraint-Based Framework for Prototyping Distributed Virtual Applications},
 url = {https://doi.org/10.1007/3-540-45349-0\_16},
 volume = {1894},
 year = {2000}
}

