@inproceedings{DBLP:conf/ic/ZhangLG03,
 author = {Jia Zhang and
Konstantin L{\"{a}}ufer and
Zhiguo Gong},
 bibsource = {dblp computer science bibliography, https://dblp.org},
 biburl = {https://dblp.org/rec/conf/ic/ZhangLG03.bib},
 booktitle = {Proceedings of the International Conference on Internet Computing,
{IC} '03, Las Vegas, Nevada, USA, June 23-26, 2003, Volume 2},
 editor = {Hamid R. Arabnia and
Youngsong Mun},
 pages = {684--687},
 publisher = {{CSREA} Press},
 timestamp = {Wed, 23 Oct 2019 01:00:00 +0200},
 title = {Mockup Supporting Web Requirements Engineering},
 year = {2003},
 abbr = {IC}, bibtex_show=1}



