@INPROCEEDINGS{IPDPS_2007,
  author={Mehta, Neeraj and Kanitkar, Yogesh and L{\"{a}}ufer, Konstantin and Thiruvathukal, George K.},
  author+an = {1=graduate;2=graduate;3=myself},
  booktitle={2007 IEEE International Parallel and Distributed Processing Symposium}, 
  title={A Model-Driven Approach to Job/Task Composition in Cluster Computing}, 
  year={2007},
  volume={},
  number={},
  pages={1-8},
  doi={10.1109/IPDPS.2007.370423},
  abbr = {IPDPS}, bibtex_show=1}


