@inproceedings{DBLP:conf/seke/HerrLSTW08,
  author    = {Herr, Sebastian and
               L{\"{a}}ufer, Konstantin  and
               Shafaee, John and
               Thiruvathukal, George K. and
               Wirtz, Guido},
  author+an = {1=graduate;2=myself},
  title     = {Combining {SOA} and {BPM} Technologies for Cross-System Process Automation},
  booktitle = {Proceedings of the Twentieth International Conference on Software
               Engineering {\&} Knowledge Engineering (SEKE'2008), San Francisco,
               CA, USA, July 1-3, 2008},
  pages     = {339--344},
  isbn      = {9781627486620},
  url       = {https://www.proceedings.com/18678.html},
  publisher = {Knowledge Systems Institute},
  year      = {2008},
  timestamp = {Thu, 12 Mar 2020 11:30:50 +0100},
  biburl    = {https://dblp.org/rec/conf/seke/HerrLSTW08.bib},
  bibsource = {dblp computer science bibliography, https://dblp.org},
  abbr      = {SEKE}, 
  bibtex_show=1}


