@inproceedings{DBLP:conf/icws/GutmanRKSL09,
 author = {Moshe Gutman and
Sridhar Radhakrishnan and
Changwook Kim and
Chandra N. Sekharan and
Konstantin L{\"{a}}ufer},
 author+an = {5=myself},
 bibsource = {dblp computer science bibliography, https://dblp.org},
 biburl = {https://dblp.org/rec/conf/icws/GutmanRKSL09.bib},
 booktitle = {{IEEE} International Conference on Web Services, {ICWS} 2009, Los
Angeles, CA, USA, 6-10 July 2009},
 doi = {10.1109/ICWS.2009.135},
 pages = {1035--1036},
 publisher = {{IEEE} Computer Society},
 timestamp = {Thu, 14 Oct 2021 01:00:00 +0200},
 title = {GroupSpeak: High-level Language Extension for Workflow Capability},
 url = {https://doi.org/10.1109/ICWS.2009.135},
 year = {2009},
 abbr = {ICWS}, bibtex_show=1}



