@inproceedings{EduPar2011,
  title     = {PDC Modules for Every Level: A Comprehensive Model for Incorporating PDC Topics into the Existing Undergraduate Curriculum},
  author    = {LÃ¤ufer, Konstantin and Sekharan, Chandra and Thiruvathukal, George K.},
  booktitle = {1st NSF/IEEE-CS TCPP Workshop on Parallel and Distributed Computing Education ({EduPar}), Anchorage, Alaska},
  year      = {2011},
  month     = may,
  url = {https://tcpp.cs.gsu.edu/curriculum/?q=node/16950},
  abbr = {TCPP}
}
