@inproceedings{DBLP:conf/icsoft/2011-2,
  title     = {{REST} on Routers? Preliminary Lessons for Language Designers, Framework Architects, and App Developers},
  author    = {Kaylor, Joseph P. and LÃ¤ufer, Konstantin and Thiruvathukal, George K.},
  booktitle = {{ICSOFT} 2011 - Proceedings of the 6th International Conference on
               Software and Data Technologies, Volume 1, Seville, Spain, 18-21 July,
               2011},
  publisher = {SciTePress},
  year      = {2011},
  isbn      = {978-989-8425-76-8},
  timestamp = {Wed, 28 Sep 2011 18:26:31 +0200},
  biburl    = {https://dblp.org/rec/conf/icsoft/2011-1.bib},
  bibsource = {dblp computer science bibliography, https://dblp.org},
  url = {https://ecommons.luc.edu/cs_facpubs/35/}
}