@inproceedings{Kaylor_EIT_2012,
 abbr = {EIT},
 author = {Kaylor, Joseph P. and LÃ¤ufer, Konstantin and Thiruvathukal, George K.},
 author+an = {1=graduate;2=myself},
 booktitle = {International {{Conference}} on {{Electro Information Technology}} 2012},
 copyright = {Creative Commons Attribution-NonCommercial-ShareAlike 4.0 International License (CC-BY-NC-SA)},
 title = {Simplifying Domain Modeling and Memory Management in User-Mode Filesystems with the {{NOFS}} Framework},
 year = {2012},
 doi = {10.1109/EIT.2012.6220733},
 url = {https://ecommons.luc.edu/cs_facpubs/62/},
 pdf = {https://ecommons.luc.edu/cs_facpubs/62/}, bibtex_show=1}



