@inproceedings{EduPar2013,
  title     = {Spring-11: Introducing PDC topics into CS1/2 and a Mobile- and Cloud-Based Intermediate Software Design Course},
  author    = {LÃ¤ufer, Konstantin and Sekharan, Chandra and Thiruvathukal, George K. and Kaylor, Joseph P.},
  booktitle = {3rd NSF/IEEE-CS TCPP Workshop on Parallel and Distributed Computing Education ({EduPar}), Boston, Massachusetts},
  year      = {2013},
  month     = may,
  url = {https://tcpp.cs.gsu.edu/curriculum/?q=EduPar-13_Proceedings}
}
