@inproceedings{WSSSPE_2015,
 abbr = {WSSSPE},
 author = {Thiruvathukal, George K. and Shilpika and Hayward, Nicholas and Aguiar, Saulo and LÃ¤ufer, Konstantin},
 author+an = {2=graduate;4=graduate},
 booktitle = {Proc. Workshop on Sustainable Software for Science: Practice and Experiences (WSSSPE)},
 title = {Towards Sustainable Digital Humanities Software},
 year = {2015},
 url = {https://ecommons.luc.edu/cs_facpubs/257/},
 pdf = {https://ecommons.luc.edu/cs_facpubs/257/}, bibtex_show=1}



