@InProceedings{EduHPC22,
  abbr = {TCPP},
  author = {LÃ¤ufer, Konstantin and Thiruvathukal, George K.},
  title = 	 {UnoAPI: Balancing Performance, Portability, and Productivity (P3) in HPC Education},
  booktitle = {Proc. EduHPC-22: Workshop on Education for High-Performance Computing},
  year = 	 2022,
  month = 	 nov,
  address = 	 {Dallas, TX, USA},
  note = 	 {held in conjunction with SC22},
  url =          {https://ecommons.luc.edu/cs_facpubs/314/},
}

