@inproceedings{ASE_2022,
  address = {New York, NY, USA},
  author = {
  Nicholas Synovic 
  and Matt Hyatt
  and Rohan Sethi
  and Sohini Thota
  and Shilpika
  and Allan J. Miller
  and Wenxin Jiang
  and Emmanuel S. Amobi
  and Austin Pinderski
  and Konstantin LÃ¤ufer
  and Nicholas J. Hayward
  and Neil Klingensmith
  and James C. Davis
  and George K. Thiruvathukal
  },
  booktitle = {Proceedings of the 37th IEEE/ACM International Conference on Automated Software Engineering},
  location = {Ann Arbor, Michigan, USA},
  title = {Snapshot Metrics Are Not Enough: Analyzing Software Repositories with Longitudinal Metrics (Tool Demonstration)},
  series = {ASE '22},
  year = {2022},
  month = oct,
  address = {Oakland Center, MI, USA},
  url = {http://ecommons.luc.edu/cs_facpubs/296/}
}
