@misc{laufer2024fie,
      abbr = {FIE},
      title={WIP: An Engaging Undergraduate Intro to Model Checking in Software Engineering Using TLA+}, 
      author={LÃ¤ufer, Konstantin and Mertin, Gunda and Thiruvathukal, George K.},
      year={2024},
      eprint={2407.21152},
      arxiv={2407.21152},
      archivePrefix={arXiv},
      primaryClass={cs.SE},
      url={https://arxiv.org/abs/2407.21152},
      website = {https://lucformalmethodscourse.github.io},
      code = {https://colab.research.google.com/drive/1c3YccNdvV73wSWcz-3h6-NQFvJYIdn0V},
      bibtex_show=1
}


