@misc{peng2024largelanguagemodelsenergyefficient,
      title={Large Language Models for Energy-Efficient Code: Emerging Results and Future Directions}, 
      author={Huiyun Peng and Arjun Gupte and Nicholas John Eliopoulos and Chien Chou Ho and Rishi Mantri and Leo Deng and Wenxin Jiang and Yung-Hsiang Lu and Konstantin LÃ¤ufer and George K. Thiruvathukal and James C. Davis},
      year={2024},
      eprint={2410.09241},
      archivePrefix={arXiv},
      primaryClass={cs.SE},
      url={https://arxiv.org/abs/2410.09241}, 
}
