@article{DBLP:journals/cse/Laufer05,
 author = {Konstantin L{\"{a}}ufer},
 author+an = {1=myself},
 bibsource = {dblp computer science bibliography, https://dblp.org},
 biburl = {https://dblp.org/rec/journals/cse/Laufer05.bib},
 doi = {10.1109/MCSE.2005.85},
 journal = {Comput. Sci. Eng.},
 number = {5},
 pages = {80--88},
 timestamp = {Thu, 12 Mar 2020 00:00:00 +0100},
 title = {A hike through post-EJB {J2EE} Web application architecture},
 url = {https://doi.org/10.1109/MCSE.2005.85},
 volume = {7},
 year = {2005},
 abbr = {CiSE}, bibtex_show=1}



