@article{DBLP:journals/cse/Laufer06,
 author = {Konstantin L{\"{a}}ufer},
 bibsource = {dblp computer science bibliography, https://dblp.org},
 biburl = {https://dblp.org/rec/journals/cse/Laufer06.bib},
 doi = {10.1109/MCSE.2006.20},
 journal = {Comput. Sci. Eng.},
 number = {2},
 pages = {79--87},
 timestamp = {Thu, 12 Mar 2020 00:00:00 +0100},
 title = {A Hike through Post-EJB {J2EE} Web Application Architecture, Part
{II}},
 url = {https://doi.org/10.1109/MCSE.2006.20},
 volume = {8},
 year = {2006}
}

