@article{Thiruvathukal_CISE_Summer_2008,
 abbr = {CiSE},
 author = {Thiruvathukal, George K. and LÃ¤ufer, Konstantin},
 author+an = {2=myself},
 copyright = {Creative Commons Attribution-NonCommercial-ShareAlike 4.0 International License (CC-BY-NC-SA)},
 journal = {Computing in Science and Engineering},
 number = {6},
 pages = {76--81},
 title = {What I Did on My Summer Vacation},
 volume = {10},
 year = {2008},
 doi = {10.1109/MCSE.2008.159},
 bibtex_show=1
}



