@article{DBLP:journals/cse/Laufer08,
 author = {Konstantin L{\"{a}}ufer},
 bibsource = {dblp computer science bibliography, https://dblp.org},
 biburl = {https://dblp.org/rec/journals/cse/Laufer08.bib},
 doi = {10.1109/MCSE.2008.67},
 journal = {Comput. Sci. Eng.},
 number = {3},
 pages = {76--83},
 timestamp = {Thu, 14 Oct 2021 01:00:00 +0200},
 title = {A Stroll through Domain-Driven Development with Naked Objects},
 url = {https://doi.org/10.1109/MCSE.2008.67},
 volume = {10},
 year = {2008}
}

