@article{Laufer_CISE_Functional2_2009,
 abbr = {CiSE},
 author = {LÃ¤ufer, Konstantin and Thiruvathukal, George K.},
 author+an = {1=myself},
 copyright = {Creative Commons Attribution-NonCommercial-ShareAlike 4.0 International License (CC-BY-NC-SA)},
 journal = {Computing in Science and Engineering},
 number = {5},
 pages = {68--75},
 shorttitle = {Scientific {{Programming}}},
 title = {Scientific {{Programming}}: {{The Promises}} of {{Typed}}, {{Pure}}, and {{Lazy Functional Programming}}: {{Part II}}},
 volume = {11},
 year = {2009},
 doi = {10.1109/MCSE.2009.147},
 url = {https://ecommons.luc.edu/cs_facpubs/25/},
 pdf = {https://ecommons.luc.edu/cs_facpubs/25/}, bibtex_show=1}



