@article{Laufer_CISE_Slug_2007,
 abbr = {CiSE},
 author = {Läufer, Konstantin and Thiruvathukal, George K. and Nishimura, Ryohei and Martínez-Eiroa, Carlos Ramírez},
 author+an = {1=myself;3=undergrad;4=graduate},
 copyright = {Creative Commons Attribution-NonCommercial-ShareAlike 4.0 International License (CC-BY-NC-SA)},
 journal = {Computing in Science and Engineering},
 number = {2},
 pages = {62--68},
 title = {Putting a {{Slug}} to {{Work}}},
 volume = {11},
 year = {2009},
 doi = {10.1109/MCSE.2009.35},
 url = {https://ecommons.luc.edu/cs_facpubs/23/},
 pdf = {https://ecommons.luc.edu/cs_facpubs/23/}, bibtex_show=1}



