@article{Thiruvathukal_CISE_Virtualization_2010,
 abbr = {CiSE},
 author = {Thiruvathukal, George K. and LÃ¤ufer, Konstantin and Hinsen, Konrad and Kaylor, Joseph P.},
 author+an = {2=myself;4=graduate},
 copyright = {Creative Commons Attribution-NonCommercial-ShareAlike 4.0 International License (CC-BY-NC-SA)},
 issn = {1521-9615},
 journal = {Computing in Science and Engineering},
 number = {4},
 pages = {52--61},
 title = {Virtualization for {{Computational Scientists}}},
 volume = {12},
 year = {2010},
 url = {https://ecommons.luc.edu/cs_facpubs/16/},
 pdf = {https://ecommons.luc.edu/cs_facpubs/16/}, bibtex_show=1}



