@article{Laufer_CISE_Cloud_2011,
 abbr = {CiSE},
 author = {LÃ¤ufer, Konstantin and Thiruvathukal, George K. and Dennis, David B.},
 author+an   = {1=myself},
 copyright = {Creative Commons Attribution-NonCommercial-ShareAlike 4.0 International License (CC-BY-NC-SA)},
 issn = {1521-9615},
 journal = {Computing in Science and Engineering},
 number = {5},
 pages = {84--89},
 shorttitle = {Moving Academic Department Functions to Social Networks and Clouds},
 title = {Moving {{Academic Department Functions}} to {{Social Networks}} and {{Clouds}}: {{Initial Experiences}}},
 volume = {13},
 year = {2011},
 doi = {10.1109/MCSE.2011.85},
 url = {https://ecommons.luc.edu/cs_facpubs/144/},
 pdf = {https://ecommons.luc.edu/cs_facpubs/144/}, bibtex_show=1}



