@article{laufer2024computer,
      abbr={Computer},
      journal={Computer}, 
      title={Engaging More Students in Formal Methods Education: A Practical Approach Using Temporal Logic of Actions},
      author={Konstantin LÃ¤ufer and Gunda Mertin and George K. Thiruvathukal},
      year={2024},
      volume={57},
      number={12},
      doi={10.1109/MC.2024.3462188},
      website = {https://lucformalmethodscourse.github.io},
      code = {https://colab.research.google.com/drive/1c3YccNdvV73wSWcz-3h6-NQFvJYIdn0V},
      bibtex_show=1

}


