@patent{ball2003method2,
  title={Method and apparatus for providing interactive services with multiple interfaces},
  author={Ball, Thomas J and Danielsen, Peter John and Jagadeesan, Lalita Jategaonkar and LÃ¤ufer, Konstantin and Mataga, Peter Andrew and Rehor, Kenneth G},
  year={2003},
  month=mar,
  note={US Patent 6,609,089},
  url = {https://patents.google.com/patent/US6609089B1}, bibtex_show=1}

