@patent{ball2003method1,
  abbr = {Patent},
  title={Method and apparatus for providing interactive services with multiple interfaces},
  author={Ball, Thomas J and Danielsen, Peter John and Jagadeesan, Lalita Jategaonkar and LÃ¤ufer, Konstantin and Mataga, Peter Andrew and Rehor, Kenneth G},
  author+an={4=myself},
  year={2003},
  month=mar,
  holder={Lucent Technologies Inc.},
  number={6529863B1},
  url = {https://patents.google.com/patent/US6529863B1}, bibtex_show=1}


