@patent{ball2003method1,
  title={Method and apparatus for providing interactive services with multiple interfaces},
  author={Ball, Thomas J and Danielsen, Peter John and Jagadeesan, Lalita Jategaonkar and Läufer, Konstantin and Mataga, Peter Andrew and Rehor, Kenneth G},
  year={2003},
  month=mar # "~4",
  note={US Patent 6,529,863}
}

@patent{ball2003method2,
  title={Method and apparatus for providing interactive services with multiple interfaces},
  author={Ball, Thomas J and Danielsen, Peter John and Jagadeesan, Lalita Jategaonkar and Läufer, Konstantin and Mataga, Peter Andrew and Rehor, Kenneth G},
  year={2003},
  month=mar # "~4",
  note={US Patent 6,609,089}
}