@incollection{Kaylor_CloudBookRestFS_2011,
  author = {Kaylor, Joseph P. and LÃ¤ufer, Konstantin and Thiruvathukal, George K.},
  author+an = {1=graduate;2=myself},
  title = {RestFS: The Filesystem as a Connector Abstraction for Flexible Resource and Service Composition},
  editor      = {Wang, Lizhe and Ranjan, Rajiv and Chen, Jinjun and Benatallah, Boualem},
  booktitle = {Cloud Computing: Methodology, System, and Applications},
  publisher   = {CRC Press},
  year        = {2011},
  isbn = {978-1439856413},
  url = {https://ecommons.luc.edu/cs_facpubs/45/},
  abbr = {CRC}, bibtex_show=1}


