@article{DBLP:journals/toplas/LauferO94,
 abbr = {TOPLAS},
 author = {Konstantin L{\"{a}}ufer and
Martin Odersky},
 bibsource = {dblp computer science bibliography, https://dblp.org},
 biburl = {https://dblp.org/rec/journals/toplas/LauferO94.bib},
 doi = {10.1145/186025.186031},
 journal = {{ACM} Trans. Program. Lang. Syst.},
 number = {5},
 pages = {1411--1430},
 timestamp = {Thu, 14 Oct 2021 01:00:00 +0200},
 title = {Polymorphic Type Inference and Abstract Data Types},
 url = {https://doi.org/10.1145/186025.186031},
 pdf = {https://dl.acm.org/doi/pdf/10.1145/186025.186031},
 volume = {16},
 year = {1994}
}
