@article{DBLP:journals/jfp/Laufer96,
 abbr = {JFP},
 author = {Konstantin L{\"{a}}ufer},
 bibsource = {dblp computer science bibliography, https://dblp.org},
 biburl = {https://dblp.org/rec/journals/jfp/Laufer96.bib},
 doi = {10.1017/S0956796800001817},
 journal = {J. Funct. Program.},
 number = {3},
 pages = {485--517},
 timestamp = {Thu, 14 Oct 2021 01:00:00 +0200},
 title = {Type Classes with Existential Types},
 url = {https://doi.org/10.1017/S0956796800001817},
 volume = {6},
 year = {1996}
}

