@article{DBLP:journals/entcs/ColbyJJLP98,
 author = {Christopher Colby and
Lalita Jategaonkar and
Radha Jagadeesan and
Konstantin L{\"{a}}ufer and
Carlos Puchol},
 bibsource = {dblp computer science bibliography, https://dblp.org},
 biburl = {https://dblp.org/rec/journals/entcs/ColbyJJLP98.bib},
 doi = {10.1016/S1571-0661(05)80233-6},
 journal = {Electron. Notes Theor. Comput. Sci.},
 pages = {107--133},
 timestamp = {Thu, 14 Oct 2021 01:00:00 +0200},
 title = {The Semantics of Triveni: {A} Process-Algebraic {API} for Threads
+ Events},
 url = {https://doi.org/10.1016/S1571-0661(05)80233-6},
 volume = {14},
 year = {1998}
}

