@article{DBLP:journals/sigsoft/JagadeesanLG00,
 abbr = {SIGSOFT},
 author = {Radha Jagadeesan and
Konstantin L{\"{a}}ufer and
Vineet Gupta},
 bibsource = {dblp computer science bibliography, https://dblp.org},
 biburl = {https://dblp.org/rec/journals/sigsoft/JagadeesanLG00.bib},
 doi = {10.1145/340855.340962},
 journal = {{ACM} {SIGSOFT} Softw. Eng. Notes},
 number = {1},
 pages = {59},
 timestamp = {Thu, 17 Sep 2020 01:00:00 +0200},
 title = {The Triveni project},
 url = {https://doi.org/10.1145/340855.340962},
 volume = {25},
 year = {2000}
}

