@article{DBLP:journals/ijst/BallCDJJLMR00,
 abbr = {IJST},
 author = {Thomas Ball and
Christopher Colby and
Peter J. Danielsen and
Lalita Jategaonkar Jagadeesan and
Radha Jagadeesan and
Konstantin L{\"{a}}ufer and
Peter Mataga and
Kenneth Rehor},
 bibsource = {dblp computer science bibliography, https://dblp.org},
 biburl = {https://dblp.org/rec/journals/ijst/BallCDJJLMR00.bib},
 doi = {10.1023/A:1009645414233},
 journal = {Int. J. Speech Technol.},
 number = {2},
 pages = {93--108},
 timestamp = {Mon, 08 Jun 2020 01:00:00 +0200},
 title = {Sisl: Several Interfaces, Single Logic},
 url = {https://doi.org/10.1023/A:1009645414233},
 volume = {3},
 year = {2000}
}

