@article{DBLP:journals/cj/LauferBR00,
 author = {Konstantin L{\"{a}}ufer and
Gerald Baumgartner and
Vincent F. Russo},
 bibsource = {dblp computer science bibliography, https://dblp.org},
 biburl = {https://dblp.org/rec/journals/cj/LauferBR00.bib},
 doi = {10.1093/comjnl/43.6.469},
 journal = {Comput. J.},
 number = {6},
 pages = {469--481},
 timestamp = {Thu, 14 Oct 2021 01:00:00 +0200},
 title = {Safe Structural Conformance for Java},
 url = {https://doi.org/10.1093/comjnl/43.6.469},
 volume = {43},
 year = {2000}
}

