@TechReport{laufer1984,
  author = 	 {R. Dierenbach and H.-E. Erbs and K. Läufer},
  title = 	 {MailBox User Manual and Administration Guide},
  institution =  {Universität Konstanz},
  year = 	 1984,
  annote =       {In-house email system for Siemens BS-2000.}
}
