@TechReport{laufer1986,
  author = 	 {K. LÃ¤ufer},
  title = 	 {Cobra Litsy User Manual},
  institution =  {Cobra GmbH},
  address =      {Technologiezentrum Konstanz, Germany},
  year = 	 1986,
  annote =       {Bibliography manager for Microsoft Windows}
}
