@TechReport{laufer1987,
  author = 	 {LÃ¤ufer, Konstantin and Mehl, Wolfgang},
  title = 	 {Cobra Address User Manual},
  institution =  {Cobra GmbH},
  address =      {Technologiezentrum Konstanz, Germany},
  year = 	 1987,
  annote =       {Address book for Microsoft Windows}
}
