@InProceedings{Laufer_ISAS_1995,
  author =       "L{\"{a}}ufer, Konstantin",
  title =        "Interactive Web Applications Based on Finite State Machines (Invited Talk)",
  booktitle =    "Proc. Symp. Information Systems Analysis and 
                  Synthesis (ISAS)",
  year =         1995,
  address =      "Baden-Baden, Germany",
  month =        aug,
  note =         "Invited paper", bibtex_show=1}


