@Misc{Laufer_MCC_1996,
  author =       "Konstantin L{\"{a}}ufer",
  title =        "An Open Environment for {Common} {Gateway}
                  {Interface} Programming", 
  howpublished = "Presented at the Tenth Annual Midwest
                  Computer Conference, Chicago", 
  year =         1996,
  month =        mar
}
