@Misc{Laufer_MCC_1997,
  author =       "Konstantin L{\"{a}}ufer",
  title =        "Using {Java} in the Undergraduate Computer Science
                  Curriculum", 
  howpublished = "Presented at the Eleventh Annual Midwest
                  Computer Conference, Springfield, Illinois", 
  year =         1997,
  month =        mar
}
