@inproceedings{chung2003,
  title={Using handheld and wireless technology for classroom and community-based south Asian language pedagogy},
  author={Chung, Christopher and Rockwell, Daisy and Bai, Tao and Laufer, K and Thiruvathukal, George K},
  booktitle = "Proc. 2003 Midwest Software Engineering Conference",
  year = 2003,
  url = "https://ecommons.luc.edu/cs_facpubs/2/"

}