@inproceedings{EduPar2012,
  title     = {Early Adopter Report: PDC Modules for Every Level: A Comprehensive Model for Incorporating PDC Topics into the Existing Undergraduate Curriculum (Poster)},
  author    = {LÃ¤ufer, Konstantin and Sekharan, Chandra and Thiruvathukal, George K. and Kaylor, Joseph P.},
  booktitle = {2nd NSF/IEEE-CS TCPP Workshop on Parallel and Distributed Computing Education ({EduPar}), Shanghai, China},
  year      = {2012},
  month     = may
}