@inproceedings{gcasr_2013_environmental_data,
 abbr = {GCASR},
 author = {Stasiuk, Paul and LÃ¤ufer, Konstantin and Thiruvathukal, George K.},
 author+an = {1=undergrad;2=myself},
 copyright = {Creative Commons Attribution-NonCommercial-ShareAlike 4.0 International License (CC-BY-NC-SA)},
 shorttitle = {GCASR 13},
 title = {Network Technologies Used to Aggregate Environmental Data (Poster)},
 booktitle = {Proc. 2nd Greater Chicago Area System Research Workshop (GCASR), Chicago, Illinois},
 year = {2013},
 month = may,
 url = "https://ecommons.luc.edu/cs_facpubs/65/",
 pdf = {https://ecommons.luc.edu/cs_facpubs/65/},
 html = {https://ecommons.luc.edu/cs_facpubs/65/}, bibtex_show=1}


