@misc{Dias_GCASR_2013,
 abbr = {GCASR},
 author = {Dias, Thomas Delgado and Yan, Xian and LÃ¤ufer, Konstantin and Thiruvathukal, George K.},
 author+an = {1=undergrad;2=graduate;3=myself},
 copyright = {Creative Commons Attribution-NonCommercial-ShareAlike 4.0 International License (CC-BY-NC-SA)},
 shorttitle = {{GCASR 13}},
 title = {Building Capable, Energy-Efficient, Flexible Visualization and Sensing Clusters from Commodity Tablets (Poster)},
 booktitle = {Proc. 4th Greater Chicago Area System Research Workshop (GCASR), Chicago, Illinois},
 year = {2013},
 month = may,
 url = {https://ecommons.luc.edu/cs_facpubs/66/},
 pdf = {https://ecommons.luc.edu/cs_facpubs/66/},
 html = {https://ecommons.luc.edu/cs_facpubs/66/}, bibtex_show=1}


