@misc{Thiruvathukal_CCDHCS_2015,
 author = {Thiruvathukal, George K. and Shilpika and Hayward, Nicholas and Aguiar, Saulo and LÃ¤ufer, Konstantin},
 author+an = {2=graduate;4=graduate;5=myself},
 booktitle = {Chicago Colloquium on Digital Humanities and Computer Science},
 title = {Towards Sustainable Digital Humanities Software},
 year = {2015},
 url = {https://ecommons.luc.edu/cs_facpubs/126/},
 pdf = {https://ecommons.luc.edu/cs_facpubs/126/}, bibtex_show=1}



