@inproceedings{Gathright_GCASR_2015,
 author = {Gathright, Brian and LÃ¤ufer, Konstantin and Parsa, Aziz and Thiruvathukal, George K.},
 author+an = {1=undergrad;2=myself;3=graduate},
 booktitle = {Proc. 4th Greater Chicago Area System Research Workshop (GCASR), Chicago, Illinois},
 title = {Middleware for Collaborative Distributed/Mobile Applications: XMPP or Reactive HTTP? (Poster)},
 year = {2015},
 month = may, 
 url = {https://drive.google.com/file/d/0B8Bb5t8tHAw-bzY5blk4Q3U5ckE/view?resourcekey=0-ZCTtc5dJ5ke3QDj1d7Ct-Q},
 bibtex_show=1}


