@inproceedings{Lewis_ScalaDays_2017,
 author = {Lewis, Mark and LÃ¤ufer, Konstantin and Thiruvathukal, George K.},
 author+an = {2=myself},
 booktitle = {Scala Days},
 title = {Experiences with Scala Across the College-Level Curriculum (Invited Talk)},
 year = {2017},
 month = may,
 url = {https://docs.google.com/presentation/d/1bRLxAcNxrtbOW8T0SUNs_PdyCfKL9ZGhBIChXWgv29Q},
 bibtex_show=1
 }

