@book{SaleemSiddiqui_2021,
  author = "Siddiqui, Saleem",
  title = "Learning Test-Driven Development",
  publisher = "O'Reilly Media, Inc.",
  year = 2021,
  isbn = "9781098106478",
  note = "Foreword by Konstantin LÃ¤ufer"
}