@misc{Hasler_LLMENERGY_2024,
      title={Can Large-Language Models Help us Better Understand and Teach the Development of Energy-Efficient Software?}, 
      author={Ryan Hasler and Konstantin LÃ¤ufer and George K. Thiruvathukal and Huiyun Peng and Kyle Robinson and Kirsten Davis and Yung-Hsiang Lu and James C. Davis},
      author+an={1=graduate;2=myself},
      year={2024},
      archivePrefix={arXiv},
      arxiv={2411.08912},
      primaryClass={cs.CY},
      doi={10.48550/arXiv.2411.08912},
      pdf={https://arxiv.org/pdf/2411.08912},
      bibtex_show=1,
}