@misc{Laufer_TLANotebook_2025,
author = "Konstantin LÃ¤ufer and George K. Thiruvathukal",
author+an = "1=myself",
title = "{TLA+ for All: Model Checking in a Python Notebook}",
year = "2025",
month = "2",
url = "https://figshare.com/articles/preprint/TLA_for_All_Model_Checking_in_a_Python_Notebook/28376276",
doi = "10.6084/m9.figshare.28376276.v1",
bibtex_show=1,
}
