@TechReport{Laufer_Transformational_1991,
  author =       "L{\"{a}}ufer, Konstantin",
  title =        "Three Approaches to Transformational Programming --
                  A Comparative Survey",
  institution =  "Department of Computer Science, New York University",
  year =         1991,
  number =       "NYU-CS-TR 555",
  month =        apr, bibtex_show=1}


