@TECHREPORT{BaumgartnerHalf2002,
    author = {Gerald Baumgartner and Martin Jansche and Konstantin LÃ¤ufer},
    author+an = {3=myself},
    title = {Half {\&} Half: Multiple Dispatch and Retroactive Abstraction for Java},
    institution = {Purdue University},
    number = {OSU-CISRC-5/01-TR08},
    year = {2002}, 
    month = mar,
    url = {https://www.csc.lsu.edu/~gb/Brew/Publications/HalfNHalf.pdf},
    bibtex_show=1}



