@TechReport{2003_AOSD,
  author = "LÃ¤ufer, Konstantin and Thiruvathukal, George K. and Elrad, Tzilla",
  author+an = {1=myself},
  title = "Enhancing the {CS} Curriculum with with Aspect-Oriented Software Development ({AOSD}) and Early Experience",
  institution = "Loyola University Chicago",
  year = 2003,
  month = sep,
  url = "https://ecommons.luc.edu/cs_facpubs/4/", bibtex_show=1}


